@misc{bloomberg_2024,
  author = {Bloomberg},
  year = {2024},
  title = {TUCXEFYY Index: Turkish core inflation (CPI excluding food and energy) [Data set]},
  howpublished = {Bloomberg Terminal}
}

@article{kantur_ozcan_2021,
  author = {Kantur, Z. and Ã–zcan, G.},
  year = {2021},
  title = {Dissecting Turkish inflation: theory, fact, and illusion},
  journal = {Economic Change and Restructuring},
  volume = {55},
  number = {3},
  pages = {Online First},
  doi = {10.1007/s10644-021-09357-1}
}

@article{nazlioglu_2024,
  author = {Nazlioglu, S. and Gurel, S. P. and Gunes, S. and Karul, C.},
  year = {2024},
  title = {Asymmetric persistence in Turkish interest and inflation rates: New evidence from quantile unit root test with structural shifts},
  journal = {International Journal of Finance and Economics},
  volume = {29},
  number = {4},
  pages = {3831-3839},
  doi = {10.1002/ijfe.2855}
}

@article{yilmazkuday_2022,
  author = {Yilmazkuday, H.},
  year = {2022},
  title = {Drivers of Turkish inflation},
  journal = {The Quarterly Review of Economics and Finance},
  volume = {84},
  pages = {315-323},
  doi = {10.1016/j.qref.2022.03.005}
}
