@article{kantur_2021_dissecting,
  author = {Kantur, Zeynep and Özcan, Gülserim},
  month = {10},
  title = {Dissecting Turkish inflation: theory, fact, and illusion},
  doi = {10.1007/s10644-021-09357-1},
  urldate = {2022-01-06},
  volume = {55},
  year = {2021},
  journal = {Economic Change and Restructuring}
}